%% This BibTeX bibliography file was created using BibDesk.
%% http://bibdesk.sourceforge.net/


%% Created for Elisabeth Agoritsas at 2014-01-08 14:06:03 +0100 


%% Saved with string encoding Unicode (UTF-8) 