%% This BibTeX bibliography file was created using BibDesk.
%% http://bibdesk.sourceforge.net/

%% Created for Francesco Armando Di Bello at 2019-04-06 16:38:05 +0200

%% Saved with string encoding Unicode (UTF-8)

@book{renton,
	author         = "Renton, P.",
	title          = "{Electroweak Interactions: An Introduction to the Physics of Quarks and Leptons}",
	url            = "http://www.cambridge.org/uk/catalogue/catalogue.asp?isbn=0521266033",
	journal        = "Cambridge, UK: Univ. Pr. (1990) 596 p",
	year           = "1990",
	ISBN           = "9780521366922"}

@article{fermi,
	Author = {E. Fermi},
	Title = {Tentativo di una Teoria Dei Raggi $\beta$},
	Journal = {Il Nuovo Cimento},
	Volume = {11},
	Year = {1934} }

@article{wilson,
	Author = { Wilson, Fred L.},
	Title = {Fermi's Theory of Beta Decay},
	Journal = {Am.J.Phys},
	Volume = {36},
	issue = {12},
	pages = {1150--1160},
	Year = {1968},
	doi = {10.1119/1.1974382},
	url = {https://aapt.scitation.org/doi/10.1119/1.1974382}
}

@article{wu,
	title = {Experimental Test of Parity Conservation in Beta Decay},
	author = {Wu, C. S. and Ambler, E. and Hayward, R. W. and Hoppes, D. D. and Hudson, R. P.},
	journal = {Phys. Rev.},
	volume = {105},
	issue = {4},
	pages = {1413--1415},
	numpages = {0},
	year = {1957},
	month = {Feb},
	publisher = {American Physical Society},
	doi = {10.1103/PhysRev.105.1413},
	url = {https://link.aps.org/doi/10.1103/PhysRev.105.1413}
}

@article{gim,
	title = {Weak Interactions with Lepton-Hadron Symmetry},
	author = {Glashow, S. L. and Iliopoulos, J. and Maiani, L.},
	journal = {Phys. Rev. D},
	volume = {2},
	issue = {7},
	pages = {1285--1292},
	numpages = {0},
	year = {1970},
	month = {Oct},
	publisher = {American Physical Society},
	doi = {10.1103/PhysRevD.2.1285},
	url = {https://link.aps.org/doi/10.1103/PhysRevD.2.1285}
}

@misc{aguilar,
	title={Top flavour-changing neutral interactions: theoretical expectations and experimental detection},
	author={J. A. Aguilar-Saavedra},
	year={2004},
	eprint={hep-ph/0409342},
	archivePrefix={arXiv},
	primaryClass={hep-ph}
}

@article{cabibbo,
	author         = "Cabibbo, Nicola",
	title          = "{Unitary Symmetry and Leptonic Decays}",
	booktitle      = "{Meeting of the Italian School of Physics and Weak
	Interactions Bologna, Italy, April 26-28, 1984}",
	journal        = "Phys. Rev. Lett.",
	volume         = "10",
	year           = "1963",
	pages          = "531-533",
	doi            = "10.1103/PhysRevLett.10.531",
	note           = "[,648(1963)]",
	SLACcitation   = "%%CITATION = PRLTA,10,531;%%"
}

@article{ckm,
	author = {Kobayashi, Makoto and Maskawa, Toshihide},
	title = "{CP-Violation in the Renormalizable Theory of Weak Interaction}",
	journal = {Progress of Theoretical Physics},
	volume = {49},
	number = {2},
	pages = {652-657},
	year = {1973},
	month = {02},
	abstract = "{In a framework of the renormalizable theory of weak interaction, problems of CP-violation are studied. It is concluded that no realistic models of CP-violation exist in the quartet scheme without introducing any other new fields. Some possible models of CP-violation are also discussed.}",
	issn = {0033-068X},
	doi = {10.1143/PTP.49.652},
	url = {https://doi.org/10.1143/PTP.49.652},
	eprint = {https://academic.oup.com/ptp/article-pdf/49/2/652/5257692/49-2-652.pdf},
}

@article{cp_vio,
	author         = "Ligeti, Zoltan",
	title          = "{The CKM matrix and CP violation}",
	booktitle      = "{Proceedings, 32nd International Conference on High
	Energy Physics (ICHEP 2004): Beijing, China, August 16-22,
	2004. Vol. 1+2}",
	journal        = "Int. J. Mod. Phys.",
	volume         = "A20",
	year           = "2005",
	pages          = "5105-5118",
	doi            = "10.1142/S0217751X05028624",
	note           = "[,49(2004)]",
	eprint         = "hep-ph/0408267",
	archivePrefix  = "arXiv",
	primaryClass   = "hep-ph",
	reportNumber   = "LBNL-55944",
	SLACcitation   = "%%CITATION = HEP-PH/0408267;%%"
}

