% PDFs

@Article{Pumplin:2002vw,
     author    = "Pumplin, J. and others",
     title     = "{New Generation of Parton Distributions with Uncertainties
                  From Global QCD Analysis}",
     journal   = "JHEP",
     volume    = "07",
     year      = "2002",
     pages     = "012",
     doi       = "10.1088/1126-6708/2002/07/012",
     eprint    = "hep-ph/0201195",
     archivePrefix = "arXiv",
     SLACcitation  = "%%CITATION = HEP-PH/0201195;%%"
}

@article{Martin:2009iq,
      author         = "Martin, A. D. and Stirling, W. J. and Thorne, R. S. and
                        Watt, G.",
      title          = "{Parton distributions for the LHC}",
      journal        = "Eur. Phys. J. C",
      volume         = "63",
      year           = "2009",
      pages          = "189-285",
      doi            = "10.1140/epjc/s10052-009-1072-5",
      eprint         = "0901.0002",
      archivePrefix  = "arXiv",
      primaryClass   = "hep-ph",
      reportNumber   = "IPPP-08-95, DCPT-08-190, CAVENDISH-HEP-08-16",
      SLACcitation   = "%%CITATION = ARXIV:0901.0002;%%"
}

@article{Lai:2010vv,
      author         = "Lai, Hung-Liang and Guzzi, Marco and Huston, Joey and Li,
                        Zhao and Nadolsky, Pavel M. and others",
      title          = "{New parton distributions for collider physics}",
      journal        = "Phys. Rev. D",
      volume         = "82",
      pages          = "074024",
      doi            = "10.1103/PhysRevD.82.074024",
      year           = "2010",
      eprint         = "1007.2241",
      archivePrefix  = "arXiv",
      primaryClass   = "hep-ph",
      reportNumber   = "MSUHEP-100707, SMU-HEP-10-10",
      SLACcitation   = "%%CITATION = ARXIV:1007.2241;%%",
}

@article{Harland-Lang:2014zoa,
      author         = "Harland-Lang, L.A. and Martin, A.D. and Motylinski, P.
                        and Thorne, R.S.",
      title          = "{Parton distributions in the LHC era: MMHT 2014 PDFs}",
      journal        = "Eur. Phys. J. C",
      number         = "5",
      volume         = "75",
      pages          = "204",
      doi            = "10.1140/epjc/s10052-015-3397-6",
      year           = "2015",
      eprint         = "1412.3989",
      archivePrefix  = "arXiv",
      primaryClass   = "hep-ph",
      reportNumber   = "LCTS-2014-47, IPPP-14-97, DCPT-14-194",
      SLACcitation   = "%%CITATION = ARXIV:1412.3989;%%",
}

@article{Ball:2014uwa,
      author         = "{NNPDF Collaboration, R.D. Ball et al.}",
      title          = "{Parton distributions for the LHC Run II}",
      collaboration  = "NNPDF",
      journal        = "JHEP",
      volume         = "04",
      pages          = "040",
      doi            = "10.1007/JHEP04(2015)040",
      year           = "2015",
      eprint         = "1410.8849",
      archivePrefix  = "arXiv",
      primaryClass   = "hep-ph",
      reportNumber   = "EDINBURGH-2014-15, IFUM-1034-FT, CERN-PH-TH-2013-253,
                        OUTP-14-11P, CAVENDISH-HEP-14-11",
      SLACcitation   = "%%CITATION = ARXIV:1410.8849;%%",
}

@article{Dulat:2015mca,
      author         = "Dulat, Sayipjamal and Hou, Tie-Jiun and Gao, Jun and
                        Guzzi, Marco and Huston, Joey and Nadolsky, Pavel and
                        Pumplin, Jon and Schmidt, Carl and Stump, Daniel and Yuan,
                        C. P.",
      title          = "{New parton distribution functions from a global analysis
                        of quantum chromodynamics}",
      journal        = "Phys. Rev. D",
      volume         = "93",
      year           = "2016",
      number         = "3",
      pages          = "033006",
      doi            = "10.1103/PhysRevD.93.033006",
      eprint         = "1506.07443",
      archivePrefix  = "arXiv",
      primaryClass   = "hep-ph",
      SLACcitation   = "%%CITATION = ARXIV:1506.07443;%%"
}


@article{Gao:2013xoa,
      author         = "Gao, Jun and Guzzi, Marco and Huston, Joey and Lai,
                        Hung-Liang and Li, Zhao and others",
      title          = "{CT10 next-to-next-to-leading order global analysis of QCD}",
      journal        = "Phys. Rev. D",
      volume         = "89",
      pages          = "033009",
      doi            = "10.1103/PhysRevD.89.033009",
      year           = "2014",
      eprint         = "1302.6246",
      archivePrefix  = "arXiv",
      primaryClass   = "hep-ph",
      reportNumber   = "SMU-HEP-12-23",
      SLACcitation   = "%%CITATION = ARXIV:1302.6246;%%",
}

@article{Martin:2009bu,
      author         = "Martin, A. D. and Stirling, W.J. and Thorne, R.S. and
                        Watt, G.",
      title          = "{Uncertainties on $\alpha_S$ in global PDF analyses and
                        implications for predicted hadronic cross sections}",
      journal        = "Eur. Phys. J. C",
      volume         = "64",
      pages          = "653-680",
      doi            = "10.1140/epjc/s10052-009-1164-2",
      year           = "2009",
      eprint         = "0905.3531",
      archivePrefix  = "arXiv",
      primaryClass   = "hep-ph",
      reportNumber   = "IPPP-09-33, DCPT-09-66, CAVENDISH-HEP-09-06",
      SLACcitation   = "%%CITATION = ARXIV:0905.3531;%%",
}

@article{Ball:2012cx,
      author         = "Ball, Richard D. and others",
      title          = "{Parton distributions with LHC data}",
      journal        = "Nucl. Phys. B",
      volume         = "867",
      pages          = "244-289",
      doi            = "10.1016/j.nuclphysb.2012.10.003",
      year           = "2013",
      eprint         = "1207.1303",
      archivePrefix  = "arXiv",
      primaryClass   = "hep-ph",
      reportNumber   = "EDINBURGH-2012-08, IFUM-FT-997, FR-PHENO-2012-014,
                        RWTH-TTK-12-25, CERN-PH-TH-2012-037, SFB-CPP-12-47\,
                        --CERN-PH-TH-2012-037",
      SLACcitation   = "%%CITATION = ARXIV:1207.1303;%%",
}

@article{Botje:2011sn,
      author         = "Botje, Michiel and others",
      title          = "{The PDF4LHC Working Group Interim Recommendations}",
      year           = "2011",
      eprint         = "1101.0538",
      archivePrefix  = "arXiv",
      primaryClass   = "hep-ph",
      SLACcitation   = "%%CITATION = ARXIV:1101.0538;%%"
}


@article{Butterworth:2015oua,
      author         = "Butterworth, Jon and others",
      title          = "{PDF4LHC recommendations for LHC Run II}",
      journal        = "J. Phys. G",
      volume         = "43",
      year           = "2016",
      pages          = "023001",
      doi            = "10.1088/0954-3899/43/2/023001",
      eprint         = "1510.03865",
      archivePrefix  = "arXiv",
      primaryClass   = "hep-ph",
      reportNumber   = "OUTP-15-17P, SMU-HEP-15-12, TIF-UNIMI-2015-14,
                        LCTS-2015-27, CERN-PH-TH-2015-249",
      SLACcitation   = "%%CITATION = ARXIV:1510.03865;%%"
}



% General Powheg
@article{Alioli:2010xd,
      author         = "Alioli, Simone and Nason, Paolo and Oleari, Carlo and Re,
                        Emanuele",
      title          = "{A general framework for implementing NLO calculations in
                        shower Monte Carlo programs: the POWHEG BOX}",
      journal        = "JHEP",
      volume         = "06",
      year           = "2010",
      pages          = "043",
      doi            = "10.1007/JHEP06(2010)043",
      eprint         = "1002.2581",
      archivePrefix  = "arXiv",
      primaryClass   = "hep-ph",
      reportNumber   = "DESY-10-018, SFB-CPP-10-22, IPPP-10-11, DCPT-10-22",
      SLACcitation   = "%%CITATION = ARXIV:1002.2581;%%"
}

@article{Nason:2004rx,
      author         = "Nason, Paolo",
      title          = "{A new method for combining NLO QCD with shower Monte
                        Carlo algorithms}",
      journal        = "JHEP",
      volume         = "11",
      year           = "2004",
      pages          = "040",
      doi            = "10.1088/1126-6708/2004/11/040",
      eprint         = "hep-ph/0409146",
      archivePrefix  = "arXiv",
      OPTprimaryClass   = "hep-ph",
      reportNumber   = "BICOCCA-FT-04-11",
      SLACcitation   = "%%CITATION = HEP-PH/0409146;%%"
}

@article{Frixione:2007vw,
      author         = "Frixione, Stefano and Nason, Paolo and Oleari, Carlo",
      title          = "{Matching NLO QCD computations with Parton Shower
                        simulations: the POWHEG method}",
      journal        = "JHEP",
      volume         = "11",
      year           = "2007",
      pages          = "070",
      doi            = "10.1088/1126-6708/2007/11/070",
      eprint         = "0709.2092",
      archivePrefix  = "arXiv",
      primaryClass   = "hep-ph",
      reportNumber   = "BICOCCA-FT-07-9, GEF-TH-21-2007",
      SLACcitation   = "%%CITATION = ARXIV:0709.2092;%%"
}

%Specific Powheg references
%ttH_Powheg
@article{Hartanto:2015uka,
      author         = "Hartanto, Heribertus B. and J{\"a}ger, Barbara and Reina,
                        Laura and Wackeroth, Doreen",
      title          = "{Higgs boson production in association with top quarks in
                        the POWHEG BOX}",
      journal        = "Phys. Rev. D",
      volume         = "91",
      year           = "2015",
      number         = "9",
      pages          = "094003",
      doi            = "10.1103/PhysRevD.91.094003",
      eprint         = "1501.04498",
      archivePrefix  = "arXiv",
      primaryClass   = "hep-ph",
      SLACcitation   = "%%CITATION = ARXIV:1501.04498;%%"
}


% Sherpa
@article{Hoeche:2009rj, 
      author         = "H{\"o}che, Stefan and Krauss, Frank and Schumann, Steffen
                        and Siegert, Frank",
      title          = "{QCD matrix elements and truncated showers}",
      journal        = "JHEP",
      volume         = "05",
      pages          = "053",
      doi            = "10.1088/1126-6708/2009/05/053",
      year           = "2009",
      eprint         = "0903.1219",
      archivePrefix  = "arXiv",
      primaryClass   = "hep-ph",
      reportNumber   = "ZU-TH-02-09, IPPP-09-14, DCPT-09-28, HD-THEP-09-2,
                        MCNET-09-04",
      SLACcitation   = "%%CITATION = ARXIV:0903.1219;%%",
}

@article{Schumann:2007mg,
      author         = "Schumann, Steffen and Krauss, Frank",
      title          = "{A Parton shower algorithm based on Catani-Seymour dipole
                        factorisation}",
      journal        = "JHEP",
      volume         = "03",
      pages          = "038",
      doi            = "10.1088/1126-6708/2008/03/038",
      year           = "2008",
      eprint         = "0709.1027",
      archivePrefix  = "arXiv",
      primaryClass   = "hep-ph",
}

@article{Bothmann:2016nao,
      author         = "Bothmann, Enrico and Sch{\"o}nherr, Marek and Schumann,
                        Steffen",
      title          = "{Reweighting QCD matrix-element and parton-shower
                        calculations}",
      journal        = "Eur. Phys. J. C",
      volume         = "76",
      year           = "2016",
      number         = "11",
      pages          = "590",
      doi            = "10.1140/epjc/s10052-016-4430-0",
      eprint         = "1606.08753",
      archivePrefix  = "arXiv",
      primaryClass   = "hep-ph",
      reportNumber   = "MCNET-16-22, ZU-TH-21-16, ZU--TH--21-16",
      SLACcitation   = "%%CITATION = ARXIV:1606.08753;%%"
}

@article{Hoeche:2012yf,
      author         = "H{\"o}che, Stefan and Krauss, Frank and Sch{\"o}nherr, Marek and
                        Siegert, Frank",
      title          = "{QCD matrix elements + parton showers. The NLO case}",
      journal        = "JHEP",
      volume         = "04",
      year           = "2013",
      pages          = "027",
      doi            = "10.1007/JHEP04(2013)027",
      eprint         = "1207.5030",
      archivePrefix  = "arXiv",
      primaryClass   = "hep-ph",
      reportNumber   = "SLAC-PUB-15191, IPPP-12-52, DCPT-12-104, LPN12-081,
                        FR-PHENO-2012-017, MCNET-12-09, --FR-PHENO-2012-017",
      SLACcitation   = "%%CITATION = ARXIV:1207.5030;%%"
}

@article{Gleisberg:2008fv,
      author         = "Gleisberg, Tanju and H{\"o}che, Stefan",
      title          = "{Comix, a new matrix element generator}",
      journal        = "JHEP",
      volume         = "12",
      pages          = "039",
      doi            = "10.1088/1126-6708/2008/12/039",
      year           = "2008",
      eprint         = "0808.3674",
      archivePrefix  = "arXiv",
      primaryClass   = "hep-ph",
}


@article{Bothmann:2019yzt,
      author         = "Bothmann, Enrico and others",
      title          = "{Event Generation with Sherpa 2.2}",
      year           = "2019",
      eprint         = "1905.09127",
      archivePrefix  = "arXiv",
      primaryClass   = "hep-ph",
      reportNumber   = "FERMILAB-PUB-19-218-T, SLAC-PUB-17433, IPPP/19/42,
                        MCNET-19-11",
      SLACcitation   = "%%CITATION = ARXIV:1905.09127;%%"
}

@article{Gleisberg:2008ta,
      author         = "Gleisberg, T. and H{\"o}che, Stefan and Krauss, F. and
                        Schonherr, M. and Schumann, S. and Siegert, F. and Winter,
                        J.",
      title          = "{Event generation with SHERPA 1.1}",
      journal        = "JHEP",
      volume         = "02",
      pages          = "007",
      doi            = "10.1088/1126-6708/2009/02/007",
      year           = "2009",
      eprint         = "0811.4622",
      archivePrefix  = "arXiv",
      primaryClass   = "hep-ph",
      reportNumber   = "FERMILAB-PUB-08-477-T, SLAC-PUB-13420, ZU-TH-17-08,
                        DCPT-08-138, IPPP-08-69, EDINBURGH-2008-30, MCNET-08-14",
      SLACcitation   = "%%CITATION = ARXIV:0811.4622;%%",
}

@article{Winter:2003tt,
      author         = "Winter, Jan-Christopher and Krauss, Frank and Soff,
                        Gerhard",
      title          = "{A modified cluster-hadronization model}",
      journal        = "Eur. Phys. J. C",
      volume         = "36",
      year           = "2004",
      pages          = "381-395",
      doi            = "10.1140/epjc/s2004-01960-8",
      eprint         = "hep-ph/0311085",
      archivePrefix  = "arXiv",
      XprimaryClass   = "hep-ph",
      reportNumber   = "CERN-TH-2003-272",
      SLACcitation   = "%%CITATION = HEP-PH/0311085;%%"
}

@article{Hoeche:2011fd,
      author         = "H{\"o}che, Stefan and Krauss, Frank and Sch{\"o}nherr, Marek and
                        Siegert, Frank",
      title          = "{A critical appraisal of NLO+PS matching methods}",
      journal        = "JHEP",
      volume         = "09",
      year           = "2012",
      pages          = "049",
      doi            = "10.1007/JHEP09(2012)049",
      eprint         = "1111.1220",
      archivePrefix  = "arXiv",
      primaryClass   = "hep-ph",
      reportNumber   = "SLAC-PUB-14661, IPPP-11-67, DCPT-11-134, LPN11-58,
                        FR-PHENO-2011-019, MCNET-11-24",
      SLACcitation   = "%%CITATION = ARXIV:1111.1220;%%"
}


@article{Catani:2001cc,
      author         = "Catani, S. and Krauss, F. and Kuhn, R. and Webber, B. R.",
      title          = "{QCD Matrix Elements + Parton Showers}",
      journal        = "JHEP",
      volume         = "11",
      year           = "2001",
      pages          = "063",
      doi            = "10.1088/1126-6708/2001/11/063",
      eprint         = "hep-ph/0109231",
      archivePrefix  = "arXiv",
      reportNumber   = "CERN-TH-2000-367, CAVENDISH-HEP-00-03",
      SLACcitation   = "%%CITATION = HEP-PH/0109231;%%"
}

% MG/aMCNLO
@article{Frederix:2012ps,
      author         = "Frederix, Rikkert and Frixione, Stefano",
      title          = "{Merging meets matching in MC@NLO}",
      journal        = "JHEP",
      volume         = "12",
      year           = "2012",
      pages          = "061",
      doi            = "10.1007/JHEP12(2012)061",
      eprint         = "1209.6215",
      archivePrefix  = "arXiv",
      primaryClass   = "hep-ph",
      reportNumber   = "CERN-PH-TH-2012-247, ZU-TH-21-12",
      SLACcitation   = "%%CITATION = ARXIV:1209.6215;%%"
}

@article{Alwall:2014hca,
      author         = "Alwall, J. and Frederix, R. and Frixione, S. and Hirschi,
                        V. and Maltoni, F. and Mattelaer, O. and Shao, H. -S. and
                        Stelzer, T. and Torrielli, P. and Zaro, M.",
      title          = "{The automated computation of tree-level and
                        next-to-leading order differential cross sections, and
                        their matching to parton shower simulations}",
      journal        = "JHEP",
      volume         = "07",
      year           = "2014",
      pages          = "079",
      doi            = "10.1007/JHEP07(2014)079",
      eprint         = "1405.0301",
      archivePrefix  = "arXiv",
      primaryClass   = "hep-ph",
      reportNumber   = "CERN-PH-TH-2014-064, CP3-14-18, LPN14-066, MCNET-14-09,
                        ZU-TH-14-14",
      SLACcitation   = "%%CITATION = ARXIV:1405.0301;%%"
}

%Pythia
@article{Sjostrand:2006za,
      author         = "Sj{\"o}strand, Torbjorn and Mrenna, Stephen and Skands, Peter
                        Z.",
      title          = "{PYTHIA 6.4 Physics and Manual}",
      journal        = "JHEP",
      volume         = "05",
      year           = "2006",
      pages          = "026",
      doi            = "10.1088/1126-6708/2006/05/026",
      eprint         = "hep-ph/0603175",
      archivePrefix  = "arXiv",
      OPTprimaryClass   = "hep-ph",
      reportNumber   = "FERMILAB-PUB-06-052-CD-T, LU-TP-06-13",
      SLACcitation   = "%%CITATION = HEP-PH/0603175;%%"
}


@article{Sjostrand:2014zea,
      author         = "Sj{\"o}strand, Torbj{\"o}rn and Ask, Stefan and Christiansen,
                        Jesper R. and Corke, Richard and Desai, Nishita and Ilten,
                        Philip and Mrenna, Stephen and Prestel, Stefan and
                        Rasmussen, Christine O. and Skands, Peter Z.",
      title          = "{An introduction to PYTHIA 8.2}",
      journal        = "Comput. Phys. Commun.",
      volume         = "191",
      year           = "2015",
      pages          = "159-177",
      doi            = "10.1016/j.cpc.2015.01.024",
      eprint         = "1410.3012",
      archivePrefix  = "arXiv",
      primaryClass   = "hep-ph",
      reportNumber   = "LU-TP-14-36, MCNET-14-22, CERN-PH-TH-2014-190,
                        FERMILAB-PUB-14-316-CD, DESY-14-178, SLAC-PUB-16122,
                        --FERMILAB-PUB-14-316-CD",
      SLACcitation   = "%%CITATION = ARXIV:1410.3012;%%"
}

@Article{Sjostrand:2007gs,
	author    = "Sj{\"o}strand, T. and Mrenna, S. and Skands, P.",
	title     = "{A brief introduction to PYTHIA 8.1}",
	journal   = "Comput. Phys. Commun.",
	volume    = "178",
	year      = "2008",
	pages     = "852-867",
	eprint    = "0710.3820",
	archivePrefix = "arXiv",
	primaryClass  =  "hep-ph",
	doi       = "10.1016/j.cpc.2008.01.036",
	SLACcitation  = "%%CITATION = 0710.3820;%%"
}




% Herwig
@article{Bellm:2015jjp,
      author         = "Bellm, Johannes and others",
      title          = "{Herwig 7.0/Herwig++ 3.0 release note}",
      journal        = "Eur. Phys. J. C",
      volume         = "76",
      year           = "2016",
      number         = "4",
      pages          = "196",
      doi            = "10.1140/epjc/s10052-016-4018-8",
      eprint         = "1512.01178",
      archivePrefix  = "arXiv",
      primaryClass   = "hep-ph",
      reportNumber   = "CERN-PH-TH-2015-289, MAN-HEP-2015-15, IFJPAN-IV-2015-13,
                        HERWIG-2015-01, KA-TP-18-2015, DCPT-15-142, MCNET-15-28,
                        IPPP-15-71, --HERWIG-2015-01",
      SLACcitation   = "%%CITATION = ARXIV:1512.01178;%%"
}

@article{Bellm:2017jjp,
      author         = "Bellm, Johannes and others",
      title          = "{Herwig 7.1 Release Note}",
      eprint         = "1705.06919",
      year           = "2017",
      archivePrefix  = "arXiv",
      primaryClass   = "hep-ph",
      reportNumber   = "CERN-PH-TH-2017-109, MAN/HEP/2017/08, UWTHPH-2017-10, 
                        IFJPAN-IV-2017-7, NIKHEF 2017-026, HERWIG-2017-02, 
                        KA-TP-19-2017, MCnet-17-08, IPPP/17/40",
      SLACcitation   = "%%CITATION = ARXIV:1705.06919;%%"
}

@article{Bahr:2008pv,
      author         = "{M. Bahr et al.}",
      title          = "{Herwig++ physics and manual}",
      journal        = "Eur. Phys. J. C",
      volume         = "58",
      pages          = "639-707",
      doi            = "10.1140/epjc/s10052-008-0798-9",
      year           = "2008",
      eprint         = "0803.0883",
      archivePrefix  = "arXiv",
      primaryClass   = "hep-ph",
      SLACcitation   = "%%CITATION = ARXIV:0803.0883;%%",
}



% generator tools
@article{Mrenna:2016sih,
     author         = "Mrenna, S. and Skands, P.",
     title          = "{Automated parton-shower variations in PYTHIA 8}",
     journal        = "Phys. Rev. D",
     volume         = "94",
     year           = "2016",
     pages          = "074005",
     doi            = "10.1103/PhysRevD.94.074005",
     eprint         = "1605.08352",
     archivePrefix  = "arXiv",
     primaryClass   = "hep-ph",
}

@article{antikt,
      author         = "Cacciari, Matteo and Salam, Gavin P. and Soyez, Gregory",
      title          = "{The anti-$k_{t}$ jet clustering algorithm}",
      journal        = "JHEP",
      volume         = "04",
      year           = "2008",
      pages          = "063",
      doi            = "10.1088/1126-6708/2008/04/063",
      eprint         = "0802.1189",
      archivePrefix  = "arXiv",
      primaryClass   = "hep-ph",
      reportNumber   = "LPTHE-07-03",
      SLACcitation   = "%%CITATION = ARXIV:0802.1189;%%"
}

@article{Golonka:2005pn,
      author         = "Golonka, Piotr and Was, Zbigniew",
      title          = "{PHOTOS Monte Carlo: A Precision tool for QED corrections
                        in $Z$ and $W$ decays}",
      journal        = "Eur. Phys. J. C",
      volume         = "45",
      year           = "2006",
      pages          = "97-107",
      doi            = "10.1140/epjc/s2005-02396-4",
      eprint         = "hep-ph/0506026",
      archivePrefix  = "arXiv",
      XprimaryClass   = "hep-ph",
      reportNumber   = "IFJPAN-V-05-01, CERN-PH-TH-2005-091",
      SLACcitation   = "%%CITATION = HEP-PH/0506026;%%"
}

@article{Davidson:2010ew,
      author         = "Davidson, N. and Przedzinski, T. and Was, Z.",
      title          = "{PHOTOS interface in C++: Technical and physics
                        documentation}",
      journal        = "Comput. Phys. Commun.",
      volume         = "199",
      year           = "2016",
      pages          = "86-101",
      doi            = "10.1016/j.cpc.2015.09.013",
      eprint         = "1011.0937",
      archivePrefix  = "arXiv",
      primaryClass   = "hep-ph",
      reportNumber   = "CERN-PH-TH-2010-261, IFJPAN-IV-2010-6",
      SLACcitation   = "%%CITATION = ARXIV:1011.0937;%%"
}


@inproceedings{Cacciari:2006sm,
      author         = "Cacciari, Matteo",
      title          = "{FastJet: A Code for fast $k_t$ clustering, and more}",
      booktitle      = "{Deep inelastic scattering. Proceedings, 14th
                        International Workshop, DIS 2006, Tsukuba, Japan, April
                        20-24, 2006}",
      year           = "2006",
      pages          = "487-490",
      note           = "[,125(2006)]",
      eprint         = "hep-ph/0607071",
      archivePrefix  = "arXiv",
      primaryClass   = "hep-ph",
      reportNumber   = "LPTHE-P06-04",
      SLACcitation   = "%%CITATION = HEP-PH/0607071;%%"
}

@inproceedings{Boos:2001cv,
      author         = "Boos, E. and others",
      title          = "{Generic user process interface for event generators}",
      booktitle      = "{Physics at TeV colliders. Proceedings, Euro Summer
                        School, Les Houches, France, May 21-June 1, 2001}",
      url            = "http://lss.fnal.gov/archive/preprint/fermilab-conf-01-496-t.shtml",
      year           = "2001",
      eprint         = "hep-ph/0109068",
      archivePrefix  = "arXiv",
      primaryClass   = "hep-ph",
      reportNumber   = "FERMILAB-CONF-01-496-T",
      SLACcitation   = "%%CITATION = HEP-PH/0109068;%%"
}

@Article{EvtGen,
    author         = "{D. J. Lange}",
    title          = "{The EvtGen particle decay simulation package}",
    journal        = "Nucl. Instrum. Meth. A",
    volume         = "462",
    year           = "2001",
    pages          = "152",
    doi            = "10.1016/S0168-9002(01)00089-4",
    primaryClass   = "hep-ex",
}


@article{Artoisenet:2012st,
      author         = "Artoisenet, Pierre and Frederix, Rikkert and Mattelaer,
                        Olivier and Rietkerk, Robbert",
      title          = "{Automatic spin-entangled decays of heavy resonances in
                        Monte Carlo simulations}",
      journal        = "JHEP",
      volume         = "03",
      year           = "2013",
      pages          = "015",
      doi            = "10.1007/JHEP03(2013)015",
      eprint         = "1212.3460",
      archivePrefix  = "arXiv",
      primaryClass   = "hep-ph",
      reportNumber   = "NIKHEF-2012-021, CERN-PH-TH-2012-329",
      SLACcitation   = "%%CITATION = ARXIV:1212.3460;%%"
}



@article{Denner:2016kdg,
      author         = "Denner, Ansgar and Dittmaier, Stefan and Hofer, Lars",
      title          = "{Collier: A fortran-based complex one-loop library in
                        extended regularizations}",
      journal        = "Comput. Phys. Commun.",
      volume         = "212",
      year           = "2017",
      pages          = "220-238",
      doi            = "10.1016/j.cpc.2016.10.013",
      eprint         = "1604.06792",
      archivePrefix  = "arXiv",
      primaryClass   = "hep-ph",
      reportNumber   = "FR-PHENO-2016-003, ICCUB-16-016",
      SLACcitation   = "%%CITATION = ARXIV:1604.06792;%%"
}



@article{Sjostrand:1984ic,
      author         = "Sj{\"o}strand, Torbjorn",
      title          = "{Jet fragmentation of multiparton
                  configurations in a string framework}",
      journal        = "Nucl. Phys. B",
      volume         = "248",
      year           = "1984",
      pages          = "469-502",
      doi            = "10.1016/0550-3213(84)90607-2",
      reportNumber   = "DESY-T-84-01",
      SLACcitation   = "%%CITATION = NUPHA,B248,469;%%"                                                                                                       
}

@article{Butterworth:2014efa,
      author         = "Butterworth, J. and Dissertori, G. and Dittmaier, S. and
                        de Florian, D. and Glover, N. and others",
      title          = "{Les Houches 2013: Physics at TeV Colliders: Standard
                        Model Working Group Report}",
      year           = "2014",
      eprint         = "1405.1067",
      archivePrefix  = "arXiv",
      primaryClass   = "hep-ph",
      SLACcitation   = "%%CITATION = ARXIV:1405.1067;%%",
}


@article{Frixione:2007zp,
      author         = "Frixione, Stefano and Laenen, Eric and Motylinski,
                        Patrick and Webber, Bryan R.",
      title          = "{Angular correlations of lepton pairs from vector boson
                        and top quark decays in Monte Carlo simulations}",
      journal        = "JHEP",
      volume         = "04",
      year           = "2007",
      pages          = "081",
      doi            = "10.1088/1126-6708/2007/04/081",
      eprint         = "hep-ph/0702198",
      archivePrefix  = "arXiv",
      OPTprimaryClass   = "HEP-PH",
      reportNumber   = "CAVENDISH-HEP-07-01, GEF-TH-09-2007, ITP-UU-07-10,
                        NIKHEF-2007-004",
      SLACcitation   = "%%CITATION = HEP-PH/0702198;%%"
}

@article{Frederix:2011ss,
      author         = "Frederix, Rikkert and Frixione, Stefano and Hirschi,
                        Valentin and Maltoni, Fabio and Pittau, Roberto and
                        Torrielli, Paolo",
      title          = "{Four-lepton production at hadron colliders: aMC@NLO
                        predictions with theoretical uncertainties}",
      journal        = "JHEP",
      volume         = "02",
      year           = "2012",
      pages          = "099",
      doi            = "10.1007/JHEP02(2012)099",
      eprint         = "1110.4738",
      archivePrefix  = "arXiv",
      primaryClass   = "hep-ph",
      reportNumber   = "CERN-PH-TH-2011-250, CP3-11-32, ZU-TH-19-11,
                        NSF-KITP-11-115",
      SLACcitation   = "%%CITATION = ARXIV:1110.4738;%%"
}

@article{Cascioli:2011va,
      author         = "Cascioli, Fabio and Maierhofer, Philipp and Pozzorini,
                        Stefano",
      title          = "{Scattering Amplitudes with Open Loops}",
      journal        = "Phys. Rev. Lett.",
      volume         = "108",
      year           = "2012",
      pages          = "111601",
      doi            = "10.1103/PhysRevLett.108.111601",
      eprint         = "1111.5206",
      archivePrefix  = "arXiv",
      primaryClass   = "hep-ph",
      reportNumber   = "ZU-TH-23-11, LPN11-66",
      SLACcitation   = "%%CITATION = ARXIV:1111.5206;%%"
}

@article{Alwall:2006yp,
      author         = "Alwall, Johan and others",
      title          = "{A Standard format for Les Houches event files}",
      booktitle      = "{Monte Carlos for the LHC: A Workshop on the Tools for
                        LHC Event Simulation (MC4LHC) Geneva, Switzerland, July
                        17-16, 2006}",
      journal        = "Comput. Phys. Commun.",
      volume         = "176",
      year           = "2007",
      pages          = "300-304",
      doi            = "10.1016/j.cpc.2006.11.010",
      eprint         = "hep-ph/0609017",
      archivePrefix  = "arXiv",
      primaryClass   = "hep-ph",
      reportNumber   = "FERMILAB-PUB-06-337-T, CERN-LCGAPP-2006-03",
      SLACcitation   = "%%CITATION = HEP-PH/0609017;%%"
}

@article{Lonnblad:2001iq,
      author         = "L{\"o}nnblad, Leif",
      title          = "{Correcting the Colour-Dipole Cascade Model
                  with Fixed Order Matrix Elements}",
      journal        = "JHEP",
      volume         = "05",
      year           = "2002",
      pages          = "046",
      doi            = "10.1088/1126-6708/2002/05/046",
      eprint         = "hep-ph/0112284",
      archivePrefix  = "arXiv",
      XprimaryClass   = "hep-ph",
      reportNumber   = "LU-TP-01-38",
      SLACcitation   = "%%CITATION = HEP-PH/0112284;%%"
}

@article{Lonnblad:2011xx,
      author         = "L{\"o}nnblad, Leif and Prestel, Stefan",
      title          = "{Matching tree-level matrix elements with interleaved
                        showers}",
      journal        = "JHEP",
      volume         = "03",
      year           = "2012",
      pages          = "019",
      doi            = "10.1007/JHEP03(2012)019",
      eprint         = "1109.4829",
      archivePrefix  = "arXiv",
      primaryClass   = "hep-ph",
      SLACcitation   = "%%CITATION = ARXIV:1109.4829;%%"
}


%% Weak Boson related

@article{Alioli:2008gx,
      author         = "Alioli, Simone and Nason, Paolo and Oleari, Carlo and Re,
                        Emanuele",
      title          = "{NLO vector-boson production matched with shower in
                        POWHEG}",
      journal        = "JHEP",
      volume         = "07",
      year           = "2008",
      pages          = "060",
      doi            = "10.1088/1126-6708/2008/07/060",
      eprint         = "0805.4802",
      archivePrefix  = "arXiv",
      primaryClass   = "hep-ph",
      reportNumber   = "NSF-KITP-08-74",
      SLACcitation   = "%%CITATION = ARXIV:0805.4802;%%"
}

@article{Siegert:2016bre,
      author         = "Siegert, Frank",
      title          = "{A practical guide to event generation for prompt photon
                        production with Sherpa}",
      journal        = "J. Phys. G",
      volume         = "44",
      year           = "2017",
      number         = "4",
      pages          = "044007",
      doi            = "10.1088/1361-6471/aa5f29",
      eprint         = "1611.07226",
      archivePrefix  = "arXiv",
      primaryClass   = "hep-ph",
      SLACcitation   = "%%CITATION = ARXIV:1611.07226;%%"
}

@article{Hamilton:2012rf,
      author         = "Hamilton, Keith and Nason, Paolo and Oleari, Carlo and
                        Zanderighi, Giulia",
      title          = "{Merging H/W/Z + 0 and 1 jet at NLO with no merging
                        scale: a path to parton shower + NNLO matching}",
      journal        = "JHEP",
      volume         = "05",
      year           = "2013",
      pages          = "082",
      doi            = "10.1007/JHEP05(2013)082",
      eprint         = "1212.4504",
      archivePrefix  = "arXiv",
      primaryClass   = "hep-ph",
      reportNumber   = "CERN-PH-TH-2012-356",
      SLACcitation   = "%%CITATION = ARXIV:1212.4504;%%"
}


@article{Hamilton:2012np,
      author         = "Hamilton, Keith and Nason, Paolo and Zanderighi, Giulia",
      title          = "{MINLO: Multi-Scale Improved NLO}",
      journal        = "JHEP",
      volume         = "10",
      year           = "2012",
      pages          = "155",
      doi            = "10.1007/JHEP10(2012)155",
      eprint         = "1206.3572",
      archivePrefix  = "arXiv",
      primaryClass   = "hep-ph",
      reportNumber   = "CERN-PH-TH-2012-166, OUTP-12-11P, MCNET-12-07",
      SLACcitation   = "%%CITATION = ARXIV:1206.3572;%%"
}

@article{Frixione:1998jh,
      author         = "Frixione, Stefano",
      title          = "{Isolated photons in perturbative QCD}",
      journal        = "Phys. Lett. B",
      volume         = "429",
      year           = "1998",
      pages          = "369-374",
      doi            = "10.1016/S0370-2693(98)00454-7",
      eprint         = "hep-ph/9801442",
      archivePrefix  = "arXiv",
      XprimaryClass   = "hep-ph",
      reportNumber   = "ETH-TH-97-40",
      SLACcitation   = "%%CITATION = HEP-PH/9801442;%%"
}


@article{Melia:2011tj,
      author         = "Melia, Tom and Nason, Paolo and Rontsch, Raoul and
                        Zanderighi, Giulia",
      title          = "{$W^+W^-$, $WZ$ and $ZZ$ production in the POWHEG BOX}",
      journal        = "JHEP",
      volume         = "11",
      year           = "2011",
      pages          = "078",
      doi            = "10.1007/JHEP11(2011)078",
      eprint         = "1107.5051",
      archivePrefix  = "arXiv",
      primaryClass   = "hep-ph",
      SLACcitation   = "%%CITATION = ARXIV:1107.5051;%%"
}

@article{Nason:2013ydw,
      author         = "Nason, Paolo and Zanderighi, Giulia",
      title          = "{$W^+ W^-$ , $W Z$ and $Z Z$ production in the
                        POWHEG-BOX-V2}",
      journal        = "Eur. Phys. J. C",
      volume         = "74",
      year           = "2014",
      number         = "1",
      pages          = "2702",
      doi            = "10.1140/epjc/s10052-013-2702-5",
      eprint         = "1311.1365",
      archivePrefix  = "arXiv",
      primaryClass   = "hep-ph",
      SLACcitation   = "%%CITATION = ARXIV:1311.1365;%%"
}



%% top-quark related

@article{Melnikov:2011ta,
      author         = "Melnikov, Kirill and Schulze, Markus and Scharf, Andreas",
      title          = "{QCD corrections to top quark pair production in
                        association with a photon at hadron colliders}",
      journal        = "Phys. Rev. D",
      volume         = "83",
      year           = "2011",
      pages          = "074013",
      doi            = "10.1103/PhysRevD.83.074013",
      eprint         = "1102.1967",
      archivePrefix  = "arXiv",
      primaryClass   = "hep-ph",
      SLACcitation   = "%%CITATION = ARXIV:1102.1967;%%"
}

@article{Czakon:2012pz,
      author         = "Czakon, Michal and Mitov, Alexander",
      title          = "{NNLO corrections to top pair production at hadron
                        colliders: the quark-gluon reaction}",
      journal        = "JHEP",
      volume         = "01",
      pages          = "080",
      doi            = "10.1007/JHEP01(2013)080",
      year           = "2013",
      eprint         = "1210.6832",
      archivePrefix  = "arXiv",
      primaryClass   = "hep-ph",
      SLACcitation   = "%%CITATION = ARXIV:1210.6832;%%",
}

@article{Alioli:2009je,
      author         = "Alioli, Simone and Nason, Paolo and Oleari, Carlo and Re,
                        Emanuele",
      title          = "{NLO single-top production matched with shower in POWHEG:
                        s- and t-channel contributions}",
      journal        = "JHEP",
      volume         = "09",
      year           = "2009",
      pages          = "111",
      doi            = "10.1007/JHEP02(2010)011, 10.1088/1126-6708/2009/09/111",
      note           = "[Erratum: JHEP02,011(2010)]",
      eprint         = "0907.4076",
      archivePrefix  = "arXiv",
      primaryClass   = "hep-ph",
      SLACcitation   = "%%CITATION = ARXIV:0907.4076;%%"
}

@article{Frederix:2012dh,
      author         = "Frederix, Rikkert and Re, Emanuele and Torrielli, Paolo",
      title          = "{Single-top t-channel hadroproduction in the four-flavour
                        scheme with POWHEG and aMC@NLO}",
      journal        = "JHEP",
      volume         = "09",
      year           = "2012",
      pages          = "130",
      doi            = "10.1007/JHEP09(2012)130",
      eprint         = "1207.5391",
      archivePrefix  = "arXiv",
      primaryClass   = "hep-ph",
      reportNumber   = "ZU-TH-14-12, IPPP-12-54, DCPT-12-108,
                        CERN-PH-TH-2012-206, MCNET-12-10, LPN12-084",
      SLACcitation   = "%%CITATION = ARXIV:1207.5391;%%"
}

@article{Aliev:2010zk,
      author         = "Aliev, M. and Lacker, H. and Langenfeld, U. and Moch, S.
                        and Uwer, P. and Wiedermann, M.",
      title          = "{HATHOR -- HAdronic Top and Heavy quarks crOss section
                        calculatoR}",
      journal        = "Comput. Phys. Commun.",
      volume         = "182",
      year           = "2011",
      pages          = "1034-1046",
      doi            = "10.1016/j.cpc.2010.12.040",
      eprint         = "1007.1327",
      archivePrefix  = "arXiv",
      primaryClass   = "hep-ph",
      reportNumber   = "DESY-10-091, HU-EP-10-33, SFB-CPP-10-60",
      SLACcitation   = "%%CITATION = ARXIV:1007.1327;%%"
}

@article{Czakon:2011xx,
      author         = "Czakon, Michal and Mitov, Alexander",
      title          = "{Top++: A program for the calculation of the top-pair
                        cross-section at hadron colliders}",
      journal        = "Comput. Phys. Commun.",
      volume         = "185",
      pages          = "2930",
      doi            = "10.1016/j.cpc.2014.06.021",
      year           = "2014",
      eprint         = "1112.5675",
      archivePrefix  = "arXiv",
      primaryClass   = "hep-ph",
      reportNumber   = "CERN-PH-TH-2011-303, TTK-11-58",
      SLACcitation   = "%%CITATION = ARXIV:1112.5675;%%",
}

@article{Re:2010bp,
      author         = "Re, Emanuele",
      title          = "{Single-top Wt-channel production matched with parton
                        showers using the POWHEG method}",
      journal        = "Eur. Phys. J. C",
      volume         = "71",
      year           = "2011",
      pages          = "1547",
      doi            = "10.1140/epjc/s10052-011-1547-z",
      eprint         = "1009.2450",
      archivePrefix  = "arXiv",
      primaryClass   = "hep-ph",
      reportNumber   = "IPPP-10-74, DCPT-10-148",
      SLACcitation   = "%%CITATION = ARXIV:1009.2450;%%"
}

@article{Frixione:2008yi,
      author         = "Frixione, Stefano and Laenen, Eric and Motylinski,
                        Patrick and Webber, Bryan R. and White, Chris D.",
      title          = "{Single-top hadroproduction in association with a W
                        boson}",
      journal        = "JHEP",
      volume         = "07",
      year           = "2008",
      pages          = "029",
      doi            = "10.1088/1126-6708/2008/07/029",
      eprint         = "0805.3067",
      archivePrefix  = "arXiv",
      primaryClass   = "hep-ph",
      reportNumber   = "CERN-TH-2008-104, ITP-UU-08-27, NIKHEF-2008-005,
                        ITFA-2008-16, CAVENDISH-HEP-08-06",
      SLACcitation   = "%%CITATION = ARXIV:0805.3067;%%"
}

@article{Kant:2014oha,
      author         = "Kant, P. and Kind, O. M. and Kintscher, T. and Lohse, T.
                        and Martini, T. and Mölbitz, S. and Rieck, P. and Uwer,
                        P.",
      title          = "{HatHor  for single top-quark production: Updated
                        predictions and uncertainty estimates for single top-quark
                        production in hadronic collisions}",
      journal        = "Comput. Phys. Commun.",
      volume         = "191",
      year           = "2015",
      pages          = "74-89",
      doi            = "10.1016/j.cpc.2015.02.001",
      eprint         = "1406.4403",
      archivePrefix  = "arXiv",
      primaryClass   = "hep-ph",
      reportNumber   = "HU-EP-14-22",
      SLACcitation   = "%%CITATION = ARXIV:1406.4403;%%"
}

@article{Kidonakis:2010ux,
      author         = "Kidonakis, Nikolaos",
      title          = "{Two-loop soft anomalous dimensions for single top quark
                        associated production with a W- or H-}",
      journal        = "Phys. Rev.",
      volume         = "D82",
      year           = "2010",
      pages          = "054018",
      doi            = "10.1103/PhysRevD.82.054018",
      eprint         = "1005.4451",
      archivePrefix  = "arXiv",
      primaryClass   = "hep-ph",
      SLACcitation   = "%%CITATION = ARXIV:1005.4451;%%"
}

@inproceedings{Kidonakis:2013zqa,
      author         = "Kidonakis, Nikolaos",
      title          = "{Top Quark Production}",
      booktitle      = "{Proceedings, Helmholtz International Summer School on
                        Physics of Heavy Quarks and Hadrons (HQ 2013): JINR,
                        Dubna, Russia, July 15-28, 2013}",
      year           = "2014",
      pages          = "139-168",
      doi            = "10.3204/DESY-PROC-2013-03/Kidonakis",
      eprint         = "1311.0283",
      archivePrefix  = "arXiv",
      primaryClass   = "hep-ph",
      reportNumber   = "KSU-HEP-110113",
      SLACcitation   = "%%CITATION = ARXIV:1311.0283;%%"
}

@article{Beneke:2011mq,
      author         = "Beneke, M. and Falgari, P. and Klein, S. and Schwinn, C.",
      title          = "{Hadronic top-quark pair production with NNLL threshold
                        resummation}",
      journal        = "Nucl. Phys. B",
      volume         = "855",
      year           = "2012",
      pages          = "695-741",
      doi            = "10.1016/j.nuclphysb.2011.10.021",
      eprint         = "1109.1536",
      archivePrefix  = "arXiv",
      primaryClass   = "hep-ph",
      reportNumber   = "TTK-11-38, ITP-UU-11-26, SPIN-11-19, FR-PHENO-2011-015,
                        SFB-CPP-11-49",
      SLACcitation   = "%%CITATION = ARXIV:1109.1536;%%"
}

@article{Anastasiou:2003ds,
      author         = "Anastasiou, Charalampos and Dixon, Lance J. and Melnikov,
                        Kirill and Petriello, Frank",
      title          = "{High precision QCD at hadron colliders: Electroweak
                        gauge boson rapidity distributions at NNLO}",
      journal        = "Phys. Rev. D",
      volume         = "69",
      year           = "2004",
      pages          = "094008",
      doi            = "10.1103/PhysRevD.69.094008",
      eprint         = "hep-ph/0312266",
      archivePrefix  = "arXiv",
      reportNumber   = "SLAC-PUB-10288, UH-511-1042-03",
      SLACcitation   = "%%CITATION = HEP-PH/0312266;%%"
}

@article{LHCTopWGttbarXsec,
      author         = "LHCTopWG",
      title          = "{NNLO+NNLL top-quark-pair cross sections}",
      url            = "https://twiki.cern.ch/twiki/bin/view/LHCPhysics/TtbarNNLO",
      year           = "2015",
}

@article{LHCTopWGsgtopXsec,
      author         = "LHCTopWG",
      title          = "{NLO single-top channel cross sections}",
      url            = "https://twiki.cern.ch/twiki/bin/view/LHCPhysics/SingleTopRefXsec",
      year           = "2017",
}

@article{Cacciari:2011hy,
      author         = "Cacciari, Matteo and Czakon, Michal and Mangano,
                        Michelangelo and Mitov, Alexander and Nason, Paolo",
      title          = "{Top-pair production at hadron colliders with
                        next-to-next-to-leading logarithmic soft-gluon
                        resummation}",
      journal        = "Phys. Lett. B",
      volume         = "710",
      pages          = "612-622",
      doi            = "10.1016/j.physletb.2012.03.013",
      year           = "2012",
      eprint         = "1111.5869",
      primaryClass   = "hep-ph",
      archivePrefix  = "arXiv",
      reportNumber   = "CERN-PH-TH-2011-277, TTK-11-54",
      SLACcitation   = "%%CITATION = ARXIV:1111.5869;%%",
}

@article{Czakon:2012zr,
      author         = "Czakon, Michal and Mitov, Alexander",
      title          = "{NNLO corrections to top-pair production at hadron
                        colliders: the all-fermionic scattering channels}",
      journal        = "JHEP",
      volume         = "12",
      pages          = "054",
      doi            = "10.1007/JHEP12(2012)054",
      year           = "2012",
      eprint         = "1207.0236",
      archivePrefix  = "arXiv",
      primaryClass   = "hep-ph",
      SLACcitation   = "%%CITATION = ARXIV:1207.0236;%%",
}

@article{Czakon:2013goa,
      author         = "Czakon, Michal and Fiedler, Paul and Mitov, Alexander",
      title          = "{Total Top-Quark Pair-Production Cross Section at
                        Hadron Colliders Through $O(\alpha_S^4)$}",
      journal        = "Phys. Rev. Lett.",
      volume         = "110",
      pages          = "252004",
      doi            = "10.1103/PhysRevLett.110.252004",
      year           = "2013",
      eprint         = "1303.6254",
      archivePrefix  = "arXiv",
      primaryClass   = "hep-ph",
      reportNumber   = "CERN-PH-TH-2013-056, TTK-13-08",
      SLACcitation   = "%%CITATION = ARXIV:1303.6254;%%",
}

@article{Baernreuther:2012ws,
      author         = "B{\"a}rnreuther, Peter and Czakon, Michal and Mitov,
                        Alexander",
      title          = "{Percent-Level-Precision Physics at the
                  Tevatron: Next-to-Next-to-Leading Order QCD
                  Corrections to $q \bar{q} \to t \bar{t} + X$}",
      journal        = "Phys. Rev. Lett.",
      volume         = "109",
      pages          = "132001",
      doi            = "10.1103/PhysRevLett.109.132001",
      year           = "2012",
      eprint         = "1204.5201",
      archivePrefix  = "arXiv",
      primaryClass   = "hep-ph",
      SLACcitation   = "%%CITATION = ARXIV:1204.5201;%%",
}

@article{Frixione:2007nw,
      author         = "Frixione, Stefano and Nason, Paolo and Ridolfi, Giovanni",
      title          = "{A positive-weight next-to-leading-order Monte Carlo for
                        heavy flavour hadroproduction}",
      journal        = "JHEP",
      volume         = "09",
      pages          = "126",
      doi            = "10.1088/1126-6708/2007/09/126",
      year           = "2007",
      eprint         = "0707.3088",
      archivePrefix  = "arXiv",
      primaryClass   = "hep-ph",
      SLACcitation   = "%%CITATION = ARXIV:0707.3088;%%",
}

@article{ATLASPMGttVNLOXsec,
      author         = "ATLASPMG",
      title          = "{ttV NLO cross section}",
      url            = "https://twiki.cern.ch/twiki/bin/view/AtlasProtected/CrossSectionNLOttV",
      year           = "2017",
}

@article{Frederix:2017wme,
      author         = "Frederix, Rikkert and Pagani, Davide and Zaro, Marco",
      title          = "{Large NLO corrections in $t\bar{t}W^{\pm}$ and
                        $t\bar{t}t\bar{t}$ hadroproduction from supposedly
                        subleading EW contributions}",
      journal        = "JHEP",
      volume         = "02",
      year           = "2018",
      pages          = "031",
      doi            = "10.1007/JHEP02(2018)031",
      eprint         = "1711.02116",
      archivePrefix  = "arXiv",
      primaryClass   = "hep-ph",
      SLACcitation   = "%%CITATION = ARXIV:1711.02116;%%"
}

@article{deFlorian:2016spz,
      author         = "de Florian, D. and others",
      title          = "{Handbook of LHC Higgs Cross Sections: 4. Deciphering the
                        Nature of the Higgs Sector}",
      collaboration  = "LHC Higgs Cross Section Working Group",
      doi            = "10.23731/CYRM-2017-002",
      year           = "2016",
      eprint         = "1610.07922",
      archivePrefix  = "arXiv",
      primaryClass   = "hep-ph",
      reportNumber   = "FERMILAB-FN-1025-T, CERN-2017-002-M",
      SLACcitation   = "%%CITATION = ARXIV:1610.07922;%%"
}



%% Jet/Photon related

@article{Andersson:1983ia,
      author         = "Andersson, Bo and Gustafson, G. and Ingelman, G. and
                        Sj{\"o}strand, T.",
      title          = "{Parton fragmentation and string dynamics}",
      journal        = "Phys. Rept.",
      volume         = "97",
      year           = "1983",
      pages          = "31-145",
      doi            = "10.1016/0370-1573(83)90080-7",
      reportNumber   = "LU-TP-83-10",
      SLACcitation   = "%%CITATION = PRPLC,97,31;%%"
}





%%Higgs related
@article{Hamilton:2013fea,
      author         = "Hamilton, Keith and Nason, Paolo and Re, Emanuele and
                        Zanderighi, Giulia",
      title          = "{NNLOPS simulation of Higgs boson production}",
      journal        = "JHEP",
      volume         = "10",
      year           = "2013",
      pages          = "222",
      doi            = "10.1007/JHEP10(2013)222",
      eprint         = "1309.0017",
      archivePrefix  = "arXiv",
      primaryClass   = "hep-ph",
      reportNumber   = "MCNET-13-11, CERN-PH-TH-2013-205, OUTP-13-18P",
      SLACcitation   = "%%CITATION = ARXIV:1309.0017;%%"
}

@article{Hamilton:2015nsa,
      author         = "Hamilton, Keith and Nason, Paolo and Zanderighi, Giulia",
      title          = "{Finite quark-mass effects in the NNLOPS POWHEG+MiNLO
                        Higgs generator}",
      journal        = "JHEP",
      volume         = "05",
      year           = "2015",
      pages          = "140",
      doi            = "10.1007/JHEP05(2015)140",
      eprint         = "1501.04637",
      archivePrefix  = "arXiv",
      primaryClass   = "hep-ph",
      reportNumber   = "CERN-PH-TH-2015-006",
      SLACcitation   = "%%CITATION = ARXIV:1501.04637;%%"
}



@article{Campbell:2012am,
      author         = "Campbell, John M. and Ellis, R. Keith and Frederix,
                        Rikkert and Nason, Paolo and Oleari, Carlo and Williams,
                        Ciaran",
      title          = "{NLO Higgs Boson Production Plus One and Two Jets Using
                        the POWHEG BOX, MadGraph4 and MCFM}",
      journal        = "JHEP",
      volume         = "07",
      year           = "2012",
      pages          = "092",
      doi            = "10.1007/JHEP07(2012)092",
      eprint         = "1202.5475",
      archivePrefix  = "arXiv",
      primaryClass   = "hep-ph",
      reportNumber   = "FERMILAB-PUB-12-040-T, CERN-PH-TH-2012-048",
      SLACcitation   = "%%CITATION = ARXIV:1202.5475;%%"
}


@article{Catani:2007vq,
      author         = "Catani, Stefano and Grazzini, Massimiliano",
      title          = "{An NNLO subtraction formalism in hadron collisions and
                        its application to Higgs boson production at the LHC}",
      journal        = "Phys. Rev. Lett.",
      volume         = "98",
      year           = "2007",
      pages          = "222002",
      doi            = "10.1103/PhysRevLett.98.222002",
      eprint         = "hep-ph/0703012",
      archivePrefix  = "arXiv",
      primaryClass   = "hep-ph",
      SLACcitation   = "%%CITATION = HEP-PH/0703012;%%"
}

@article{Bozzi:2005wk,
      author         = "Bozzi, Giuseppe and Catani, Stefano and de Florian,
                        Daniel and Grazzini, Massimiliano",
      title          = "{Transverse-momentum resummation and the spectrum of the
                        Higgs boson at the LHC}",
      journal        = "Nucl. Phys.",
      volume         = "B737",
      year           = "2006",
      pages          = "73-120",
      doi            = "10.1016/j.nuclphysb.2005.12.022",
      eprint         = "hep-ph/0508068",
      archivePrefix  = "arXiv",
      primaryClass   = "hep-ph",
      SLACcitation   = "%%CITATION = HEP-PH/0508068;%%"
}

@article{deFlorian:2011xf,
      author         = "de Florian, Daniel and Ferrera, Giancarlo and Grazzini,
                        Massimiliano and Tommasini, Damiano",
      title          = "{Transverse-momentum resummation: Higgs boson production
                        at the Tevatron and the LHC}",
      journal        = "JHEP",
      volume         = "11",
      year           = "2011",
      pages          = "064",
      doi            = "10.1007/JHEP11(2011)064",
      eprint         = "1109.2109",
      archivePrefix  = "arXiv",
      primaryClass   = "hep-ph",
      reportNumber   = "ZU-TH-17-11",
      SLACcitation   = "%%CITATION = ARXIV:1109.2109;%%"
}
%AZNLO tune
@article{Aad:2014xaa,
      author         = "Aad, Georges and others",
      title          = "{Measurement of the $Z/\gamma^*$ boson transverse
                        momentum distribution in $pp$ collisions at $\sqrt{s}$ = 7
                        TeV with the ATLAS detector}",
      collaboration  = "ATLAS",
      journal        = "JHEP",
      volume         = "09",
      year           = "2014",
      pages          = "145",
      doi            = "10.1007/JHEP09(2014)145",
      eprint         = "1406.3660",
      archivePrefix  = "arXiv",
      primaryClass   = "hep-ex",
      reportNumber   = "CERN-PH-EP-2014-075",
      SLACcitation   = "%%CITATION = ARXIV:1406.3660;%%"
}

%VBF Higgs powheg
@article{Nason:2009ai,
      author         = "Nason, Paolo and Oleari, Carlo",
      title          = "{NLO Higgs boson production via vector-boson fusion
                        matched with shower in POWHEG}",
      journal        = "JHEP",
      volume         = "02",
      year           = "2010",
      pages          = "037",
      doi            = "10.1007/JHEP02(2010)037",
      eprint         = "0911.5299",
      archivePrefix  = "arXiv",
      primaryClass   = "hep-ph",
      SLACcitation   = "%%CITATION = ARXIV:0911.5299;%%"
}


@article{Anastasiou:2016cez,
      author         = "Anastasiou, Charalampos and Duhr, Claude and Dulat, Falko
                        and Furlan, Elisabetta and Gehrmann, Thomas and Herzog,
                        Franz and Lazopoulos, Achilleas and Mistlberger, Bernhard",
      title          = "{High precision determination of the gluon fusion Higgs
                        boson cross-section at the LHC}",
      journal        = "JHEP",
      volume         = "05",
      year           = "2016",
      pages          = "058",
      doi            = "10.1007/JHEP05(2016)058",
      eprint         = "1602.00695",
      archivePrefix  = "arXiv",
      primaryClass   = "hep-ph",
      reportNumber   = "CP3-16-01, ZU-TH-27-15, NIKHEF-2016-004,
                        CERN-TH-2016-006",
      SLACcitation   = "%%CITATION = ARXIV:1602.00695;%%"
}

@article{Anastasiou:2015ema,
      author         = "Anastasiou, Charalampos and Duhr, Claude and Dulat, Falko
                        and Herzog, Franz and Mistlberger, Bernhard",
      title          = "{Higgs Boson Gluon-Fusion Production in QCD at Three
                        Loops}",
      journal        = "Phys. Rev. Lett.",
      volume         = "114",
      year           = "2015",
      pages          = "212001",
      doi            = "10.1103/PhysRevLett.114.212001",
      eprint         = "1503.06056",
      archivePrefix  = "arXiv",
      primaryClass   = "hep-ph",
      reportNumber   = "CERN-PH-TH-2015-055, CP3-15-07",
      SLACcitation   = "%%CITATION = ARXIV:1503.06056;%%"
}

%%% contains utf-8, see: https://inspirehep.net/info/faq/general#utf8
%%% add \usepackage[utf8]{inputenc} to your latex preamble
@article{Dulat:2018rbf,
      author         = "Dulat, Falko and Lazopoulos, Achilleas and Mistlberger,
                        Bernhard",
      title          = "{iHixs 2 -- Inclusive Higgs cross sections}",
      journal        = "Comput. Phys. Commun.",
      volume         = "233",
      year           = "2018",
      pages          = "243-260",
      doi            = "10.1016/j.cpc.2018.06.025",
      eprint         = "1802.00827",
      archivePrefix  = "arXiv",
      primaryClass   = "hep-ph",
      reportNumber   = "CERN-TH-2018-019, SLAC-PUB-17222",
      SLACcitation   = "%%CITATION = ARXIV:1802.00827;%%"
}

@article{Harlander:2009mq,
      author         = "Harlander, Robert V. and Ozeren, Kemal J.",
      title          = "{Finite top mass effects for hadronic Higgs production at
                        next-to-next-to-leading order}",
      journal        = "JHEP",
      volume         = "11",
      year           = "2009",
      pages          = "088",
      doi            = "10.1088/1126-6708/2009/11/088",
      eprint         = "0909.3420",
      archivePrefix  = "arXiv",
      primaryClass   = "hep-ph",
      reportNumber   = "WUB-09-10",
      SLACcitation   = "%%CITATION = ARXIV:0909.3420;%%"
}

@article{Harlander:2009bw,
      author         = "Harlander, Robert V. and Ozeren, Kemal J.",
      title          = "{Top mass effects in Higgs production at
                        next-to-next-to-leading order QCD: Virtual corrections}",
      journal        = "Phys. Lett. B",
      volume         = "679",
      year           = "2009",
      pages          = "467-472",
      doi            = "10.1016/j.physletb.2009.08.012",
      eprint         = "0907.2997",
      archivePrefix  = "arXiv",
      primaryClass   = "hep-ph",
      reportNumber   = "WUB-09-08",
      SLACcitation   = "%%CITATION = ARXIV:0907.2997;%%"
}

@article{Harlander:2009my,
      author         = "Harlander, Robert V. and Mantler, Hendrik and Marzani,
                        Simone and Ozeren, Kemal J.",
      title          = "{Higgs production in gluon fusion at
                        next-to-next-to-leading order QCD for finite top mass}",
      journal        = "Eur. Phys. J. C",
      volume         = "66",
      year           = "2010",
      pages          = "359-372",
      doi            = "10.1140/epjc/s10052-010-1258-x",
      eprint         = "0912.2104",
      archivePrefix  = "arXiv",
      primaryClass   = "hep-ph",
      reportNumber   = "WUB-09-18, MAN-HEP-2009-44",
      SLACcitation   = "%%CITATION = ARXIV:0912.2104;%%"
}


@article{Pak:2009dg,
      author         = "Pak, Alexey and Rogal, Mikhail and Steinhauser, Matthias",
      title          = "{Finite top quark mass effects in NNLO Higgs boson
                        production at LHC}",
      journal        = "JHEP",
      volume         = "02",
      year           = "2010",
      pages          = "025",
      doi            = "10.1007/JHEP02(2010)025",
      eprint         = "0911.4662",
      archivePrefix  = "arXiv",
      primaryClass   = "hep-ph",
      reportNumber   = "SFB-CPP-09-116, TTP09-43",
      SLACcitation   = "%%CITATION = ARXIV:0911.4662;%%"
}


@article{Actis:2008ug,
      author         = "Actis, Stefano and Passarino, Giampiero and Sturm,
                        Christian and Uccirati, Sandro",
      title          = "{NLO electroweak corrections to Higgs boson production at
                        hadron colliders}",
      journal        = "Phys. Lett. B",
      volume         = "670",
      year           = "2008",
      pages          = "12-17",
      doi            = "10.1016/j.physletb.2008.10.018",
      eprint         = "0809.1301",
      archivePrefix  = "arXiv",
      primaryClass   = "hep-ph",
      reportNumber   = "PITHA-08-20, SFB-CPP-08-62, TTP08-38",
      SLACcitation   = "%%CITATION = ARXIV:0809.1301;%%"
}

@article{Actis:2008ts,
      author         = "Actis, Stefano and Passarino, Giampiero and Sturm,
                        Christian and Uccirati, Sandro",
      title          = "{NNLO computational techniques: The cases $H \to \gamma
                        \gamma$ and $H \to gg$}",
      journal        = "Nucl. Phys. B",
      volume         = "811",
      year           = "2009",
      pages          = "182-273",
      doi            = "10.1016/j.nuclphysb.2008.11.024",
      eprint         = "0809.3667",
      archivePrefix  = "arXiv",
      primaryClass   = "hep-ph",
      reportNumber   = "PITHA-08-24, SFB-CPP-08-73, TTP08-42",
      SLACcitation   = "%%CITATION = ARXIV:0809.3667;%%"
}

@article{Bonetti:2018ukf,
      author         = "Bonetti, Marco and Melnikov, Kirill and Tancredi,
                        Lorenzo",
      title          = "{Higher order corrections to mixed QCD-EW contributions
                        to Higgs boson production in gluon fusion}",
      journal        = "Phys. Rev. D",
      volume         = "97",
      year           = "2018",
      number         = "5",
      pages          = "056017",
      xdoi            = "10.1103/PhysRevD.97.056017, 10.1103/PhysRevD.97.099906",
      doi            = "10.1103/PhysRevD.97.056017",
      note           = "[Erratum: Phys. Rev. D 97 (2018) 099906]",
      eprint         = "1801.10403",
      archivePrefix  = "arXiv",
      primaryClass   = "hep-ph",
      reportNumber   = "CERN-TH-2018-011, TTP18-004",
      SLACcitation   = "%%CITATION = ARXIV:1801.10403;%%"
}

@article{Aglietti:2004nj,
      author         = "Aglietti, U. and Bonciani, R. and Degrassi, G. and
                        Vicini, A.",
      title          = "{Two-loop light fermion contribution to Higgs production
                        and decays}",
      journal        = "Phys. Lett. B",
      volume         = "595",
      year           = "2004",
      pages          = "432-441",
      doi            = "10.1016/j.physletb.2004.06.063",
      eprint         = "hep-ph/0404071",
      archivePrefix  = "arXiv",
      xprimaryClass   = "hep-ph",
      reportNumber   = "ROME1-1373-04, FREIBURG-THEP-04-05, RM3-TH-04-06,
                        IFUM-788-FT",
      SLACcitation   = "%%CITATION = HEP-PH/0404071;%%"
}

@article{Ciccolini:2007jr,
     author         = "Ciccolini, M. and Denner, Ansgar and Dittmaier, S.",
     title          = "{Strong and Electroweak Corrections to the Production of Higgs + 2 Jets via Weak Interactions at the Large Hadron Collider}",
     journal        = "Phys. Rev. Lett.",
     volume         = "99",
     pages          = "161803",
     doi            = "10.1103/PhysRevLett.99.161803",
     year           = "2007",
     eprint         = "0707.0381",
     archivePrefix  = "arXiv",
     primaryClass   = "hep-ph",
}

@Article{Ciccolini:2007ec,
    author    = "Ciccolini, Mariano and Denner, Ansgar and Dittmaier, Stefan",
    title     = "{Electroweak and QCD corrections to Higgs production via
                 vector-boson fusion at the CERN LHC}",
    journal   = "Phys. Rev. D",
    volume    = "77",
    year      = "2008",
    pages     = "013002",
    eprint    = "0710.4749",
    archivePrefix = "arXiv",
    primaryClass  =  "hep-ph",
    doi       = "10.1103/PhysRevD.77.013002",
    SLACcitation  = "%%CITATION = 0710.4749;%%"
}

@Article{Bolzoni:2010xr,
    author    = "Bolzoni, Paolo and Maltoni, Fabio and Moch, Sven-Olaf and
                 Zaro, Marco",
    title     = "{Higgs Boson Production via Vector-Boson Fusion at Next-to-Next-to-Leading Order in QCD}",
    journal   = "Phys. Rev. Lett.",
    volume    = "105",
    year      = "2010",
    pages     = "011801",
    eprint    = "1003.4451",
    archivePrefix = "arXiv",
    primaryClass  =  "hep-ph",
    doi       = "10.1103/PhysRevLett.105.011801",
    SLACcitation  = "%%CITATION = 1003.4451;%%"
}

@article{Djouadi:1997yw,
    author    = "Djouadi, A. and Kalinowski, J. and Spira, M.",
    title     = "{HDECAY: A program for Higgs boson decays in the Standard
                 Model and its  supersymmetric extension}",
    journal   = "Comput. Phys. Commun.",
    volume    = "108",
    year      = "1998",
    pages     = "56",
    eprint    = "hep-ph/9704448",
    archivePrefix = "arXiv",
    doi       = "10.1016/S0010-4655(97)00123-9",
    reportNumber   = "DESY-97-079, IFT-96-29, PM-97-04",
    SLACcitation  = "%%CITATION = HEP-PH/9704448;%%"
}
@article{Spira:1997dg,
      author         = "Spira, Michael",
      title          = "{QCD Effects in Higgs physics}",
      journal        = "Fortsch. Phys.",
      volume         = "46",
      year           = "1998",
      pages          = "203-284",
      doi            = "10.1002/(SICI)1521-3978(199804)46:3<203::AID-PROP203>3.0.CO;2-4",
      eprint         = "hep-ph/9705337",
      archivePrefix  = "arXiv",
      XprimaryClass   = "hep-ph",
      reportNumber   = "CERN-TH-97-068, CERN-TH-97-68",
      SLACcitation   = "%%CITATION = HEP-PH/9705337;%%"
}

@article{Djouadi:2006bz,
      author         = "Djouadi, A. and M{\"u}hlleitner, M. M. and Spira, M.",
      title          = "{Decays of supersymmetric particles: The Program SUSY-HIT
                        (SUspect-SdecaY-Hdecay-InTerface)}",
      booktitle      = "{Physics at LHC. Proceedings, 3rd Conference, Cracow,
                        Poland, July 3-8, 2006}",
      journal        = "Acta Phys. Polon. B",
      volume         = "38",
      year           = "2007",
      pages          = "635-644",
      eprint         = "hep-ph/0609292",
      archivePrefix  = "arXiv",
      XprimaryClass   = "hep-ph",
      reportNumber   = "CERN-PH-TH-2006-200",
      SLACcitation   = "%%CITATION = HEP-PH/0609292;%%"
}

@article{Bredenstein:2006ha,
      author         = "Bredenstein, A. and Denner, Ansgar and Dittmaier, S. and
                        Weber, M. M.",
      title          = "{Radiative corrections to the semileptonic and hadronic
                        Higgs-boson decays $H \to WW / ZZ \to 4$ fermions}",
      journal        = "JHEP",
      volume         = "02",
      year           = "2007",
      pages          = "080",
      doi            = "10.1088/1126-6708/2007/02/080",
      eprint         = "hep-ph/0611234",
      archivePrefix  = "arXiv",
      xprimaryClass   = "hep-ph",
      reportNumber   = "KEK-CP-187, KEK-PREPRINT-2006-47, MPP-2006-138,
                        PSI-PR-06-11, WUB-06-08",
      SLACcitation   = "%%CITATION = HEP-PH/0611234;%%"
}


@article{Bredenstein:2006rh,
      author         = "Bredenstein, A. and Denner, Ansgar and Dittmaier, S. and
                        Weber, M. M.",
      title          = "{Precise predictions for the Higgs-boson decay H --->
                        WW/ZZ ---> 4 leptons}",
      journal        = "Phys. Rev.",
      volume         = "D74",
      year           = "2006",
      pages          = "013004",
      doi            = "10.1103/PhysRevD.74.013004",
      eprint         = "hep-ph/0604011",
      archivePrefix  = "arXiv",
      primaryClass   = "hep-ph",
      reportNumber   = "MPP-2005-24, PSI-PR-06-05",
      SLACcitation   = "%%CITATION = HEP-PH/0604011;%%"
}

@article{Bredenstein:2006nk,
      author         = "Bredenstein, A. and Denner, Ansgar and Dittmaier, S. and
                        Weber, M. M.",
      title          = "{Precision calculations for the Higgs decays H ---> ZZ/WW
                        ---> 4 leptons}",
      booktitle      = "{Proceedings, 8th DESY Workshop on Elementary Particle
                        Theory: Loops and Legs in Quantum Field Theory: Eisenach,
                        Germany, 23-28 April 2006}",
      journal        = "Nucl. Phys. Proc. Suppl.",
      volume         = "160",
      year           = "2006",
      pages          = "131-135",
      doi            = "10.1016/j.nuclphysbps.2006.09.104",
      note           = "[,131(2006)]",
      eprint         = "hep-ph/0607060",
      archivePrefix  = "arXiv",
      primaryClass   = "hep-ph",
      reportNumber   = "PSI-PR-06-09",
      SLACcitation   = "%%CITATION = HEP-PH/0607060;%%"
}